@article{Python,
 title={PythonTeoria},
 author={Miñarro Gimenez, Jose Antonio},
 journal={Explicación BIII TEII},
 volume={62}, year={2020}
}
@article{Git,
 title={GitTeoria},
 author={Miñarro Gimenez, Jose Antonio},
 journal={Explicación BIII TEII},
 volume={31}, year={2020}
}
@article{Latex,
 title={LatexTeoria},
 author={Miñarro Gimenez, Jose Antonio},
 journal={Explicación BIII TEII},
 volume={41}, year={2020}
}
@article{Bloque4,
 title={teii-bloque4},
 author={Piernas Canovas, Juan},
 journal={Explicación BIII TEII},
 volume={87}, year={2020}
}
@article{Codigo,
 title={bloque4-codigo},
 author={Piernas Canovas, Juan},
 journal={Explicación BIII TEII},
 volume={3}, year={2020}
}
